% Link to overview of biblatex
% https://www.overleaf.com/learn/latex/Bibliography_management_in_LaTeX#The_bibliography_file

% Create Citations for
%  https://docs.opencv.org/master/d2/d99/tutorial_js_face_detection.html
% https://arxiv.org/abs/1801.04381

@online{speedcubing,
  title    = {Speedcubing},
  url      = {https://en.wikipedia.org/wiki/Speedcubing},
  addendum = {(accessed: 04.28.2021)}
}

@online{wca-scrambles,
  title    = {WCA Scrambles},
  url      = {https://www.worldcubeassociation.org/regulations/scrambles/},
  addendum = {(accessed: 04.28.2021)}
}

@online{korf,
  author   = {Richard E. Korf},
  title    = {Finding Optimal Solutions to Rubik's Cube
Using Pattern Databases},
  url      = {https://www.cs.princeton.edu/courses/archive/fall06/cos402/papers/korfrubik.pdf},
  addendum = {(accessed: 04.28.2021)}
}

@online{thistle,
  title    = {Thistlethwaite's algorithm},
  url      = {https://www.speedsolving.com/wiki/index.php/Thistlethwaite%27s_algorithm},
  addendum = {(accessed: 04.28.2021)}
}

@online{kociemba-2phase,
  author   = {Herbert Kociemba},
  title    = {The Two-Phase-Algorithm},
  url      = {http://www.kociemba.org/cube.htm},
  addendum = {(accessed: 04.28.2021)}
}

@online{kociemba-dist,
  author   = {Herbert Kociemba},
  title    = {Two-Phase-Algorithm and God's Algorithm:
God's number is 20},
  url      = {http://www.kociemba.org/cube.htm},
  addendum = {(accessed: 04.28.2021)}
}

@online{kociemba-coord,
  author   = {Herbert Kociemba},
  title    = {The Coordinate Level},
  url      = {http://www.kociemba.org/cube.htm},
  addendum = {(accessed: 04.28.2021)}
}

@online{wca-regs,
  title    = {WCA Regulations, Article 12: Notation},
  url      = {https://www.worldcubeassociation.org/regulations/#12},
  addendum = {(accessed: 04.28.2021)}
}

@online{god,
  title    = {God's Number is 20},
  url      = {https://cube20.org/},
  addendum = {(accessed: 04.28.2021)}
}

@online{eo,
  title    = {Edge Orientation},
  url      = {https://www.speedsolving.com/wiki/index.php/Edge_Orientation},
  addendum = {(accessed: 04.28.2021)}
}

@online{domino,
  title    = {Domino Reduction},
  url      = {https://www.speedsolving.com/wiki/index.php/Domino_Reduction},
  addendum = {(accessed: 04.28.2021)}
}

@online{git-lib,
  title = {IguanaAzul/RubiksCube},
  url   = {https://github.com/IguanaAzul/RubiksCube}
}

@online{git-solver,
  title = {Rubiks-boy/Rubiks-cube-solver},
  url   = {https://github.com/Rubiks-boy/Rubiks-cube-solver}
}

@online{cstimer,
  author   = {Scrambles were generated using CSTimer},
  url      = {https://cstimer.net/timer.php},
  addendum = {(accessed: 04.28.2021)}
}

@online{thistle-dist,
  title    = {Computer Puzzling},
  url      = {https://www.jaapsch.net/puzzles/compcube.htm},
  addendum = {(accessed: 04.28.2021)}
}

@online{ida,
  author   = {Ben Botto},
  title    = {Implementing an Optimal Rubik’s Cube Solver using Korf’s Algorithm},
  url      = {https://medium.com/@benjamin.botto/implementing-an-optimal-rubiks-cube-solver-using-korf-s-algorithm-bf750b332cf9},
  addendum = {(accessed: 04.28.2021)}
}
